@article{serbanhred,
author = {Iulian Vlad Serban and Alessandro Sordoni and Yoshua Bengio and Aaron Courville and Joelle Pineau},
title = {Building End-To-End Dialogue Systems Using Generative Hierarchical Neural Networks},
note = {30th AAAI Conference on Artificial Intelligence},
year = 2015,
}

@article{subtle,
author = {Daniel Magarreiro and Luísa Coheur and Francisco S. Melo
},
title = {Using subtitles to deal with Out-of-Domain interactions
},
note = {SemDial 2014 -- DialWatt},
year = 2014,
}

@article{ssoftmax,
author = {Sébastien Jean and Kyunghyun Cho and Roland Memisevic and Yoshua Bengio},
title = {On Using Very Large Target Vocabulary for Neural Machine Translation},
note = {Proceedings of the 53rd Annual Meeting of the Association for Computational Linguistics and the 7th International Joint Conference on Natural Language Processing},
year = 2015,
}

@article{fastqa,
author = {Dirk Weissenborn and Georg Wiese and Laura Seiffe},
title = {Making Neural QA as Simple as Possible but not Simpler},
note = {Proceedings of the 21st Conference on Computational Natural Language Learning},
year = 2017,
}

@article{charemb,
author = {Yoon Kim and Yacine Jernite and David Sontag and Alexander M. Rush},
title = {Character-Aware Neural Language Models},
note = {Proceedings of the Thirtieth AAAI Conference on Artificial Intelligence},
year = 2016,
}

@article{bshack,
author = {Jiwei Li and Will Monroe and Dan Jurafsky},
title = {A Simple, Fast Diverse Decoding Algorithm for Neural Generation},
note = {arXiv preprint arXiv:1611.08562},
year = 2016,
}

@article{momentum,
author = {David E. Rumelhart and Geoffrey E. Hinton and Ronald J. Williams},
year = 1986,
title = {Learning Internal Representation by Error Propagation},
volume = {Vol. 1},
booktitle = {Parallel Distributed Processing: Explorations in the Microstructure of Cognition}
}

@incollection{alice,
title={The anatomy of ALICE},
author={Richard S. Wallace},
booktitle={Parsing the Turing Test},
pages={181--210},
year=2009,
publisher={Springer}
}

@inproceedings{encdecfirst,
title={Recursive Hetero-associative Memories for Translation},
author={Mikel L. Forcada and Ram{\'o}n P. {\~N}eco},
booktitle={IWANN},
year=1997
}

@article{hred,
author = {Alessandro Sordoni and Yoshua Bengio and Hossein Vahabi and Christina Lioma and Jakob G. Simonsen and Jian-Yun Nie},
title = {A Hierarchical Recurrent Encoder-Decoder For Generative Context-Aware Query Suggestion},
note = {24th ACM International Conference on Information and Knowledge Management},
year = 2014,
}

@article{rnnlm,
author = {Tomas Mikolov and Martin Karafiat and Lukas Burget and Jan "Honza" Cernock and Sanjeev Khudanpur},
title = {Recurrent neural network based language model},
note = {INTERSPEECH 2010, 11th Annual Conference of the International Speech Communication Association},
year = 2010,
}

@article{lstm,
author = {Sepp Hochreiter and J{\"u}rgen Schmidhuber},
title = {Long Short-Term Memory},
journal = {Neural Computation},
volume = {Volume 9 Issue 8},
year = 1997,
}

@article{dbs,
author = {Ashwin K Vijayakumar and Michael Cogswell and Ramprasath R. Selvaraju and Qing Sun and Stefan Lee and David Crandall and Dhruv Batra},
title = {Diverse Beam Search: Decoding Diverse Solutions from Neural Sequence Models},
note = {arXiv preprint arXiv:1610.02424},
year = 2016,
}

@article{hardrnn,
author = {Yoshua Bengio and Patrice Simard and Paolo Frasconi},
title = {Learning Long-Term Dependencies with Gradient Descent is Difficult},
journal = {},
note = {IEEE Transactions on Neural Networks},
year = 1994,
}

@article{perceptron,
author = {Frank Rosenblatt},
title = {The Perceptron: A Probabilistic Model for Information Storage and Organization in the Brain},
journal = {Psychological Review},
note = {},
volume = {Volume 65, No. 6},
year = 1958,
}

@article{adam,
author = {Diederik P. Kingma and Jimmy Lei Ba},
title = {ADAM: A Method for Stochastic Optimization},
note = {ICRL 2015},
year = 2015,
}

@article{dropout,
author = {Nitish Srivastava and Geoffrey Hinton and Alex Krizhevsky and Ilya Sutskever and Ruslan Salakhutdinov},
title = {Dropout: A Simple Way to Prevent Neural Networks from Overfitting},
journal = {Journal of Machine Learning Research},
volume = {15},
note = {},
year = 2014,
}

@article{bengiolm,
author = {Yoshua Bengio and Réjean Ducharme and Pascal Vincent and Christian Jauvin},
title = {A Neural Probabilistic Language Model},
journal = {Journal of Machine Learning Research},
volume = {3},
note = {},
year = 2003,
}

@article{glove,
author = {Jeffrey Pennington and Richard Socher and Christopher D. Manning},
title = {GloVe: Global Vectors for Word Representation},
note = {Proceedings of the 2014 Conference on Empirical Methods in Natural Language Processing},
year = 2014,
}

@article{w2v,
author = {Tomas Mikolov and Ilya Sutskever and Kai Chen and Greg Corrado and Jeffrey Dean},
title = {Distributed Representations of Words and Phrases
and their Compositionality},
note = {Advances in Neural Information Processing Systems 26 (NIPS 2013)},
year = 2013,
}

@article{ubuntu,
author = {Ryan Lowe and Nissan Pow and Iulian V. Serban and Joelle Pineau},
title = {The Ubuntu Dialogue Corpus: A Large Dataset for Research in
Unstructured Multi-Turn Dialogue Systems},
note = {Proceedings of the SIGDIAL 2015 Conference},
year = 2015,
}

@misc{snapdata,
author = {Jure Leskovec and Andrej Krevl},
title = {{SNAP Datasets}: {Stanford} Large Network Dataset Collection},
howpublished = {\url{http://snap.stanford.edu/data}},
month = jun,
year = 2014
}

@article{cccreddit,
author = {Rami Al-Rfou and Marc Pickett and Javier Snaider and Yun-hsuan Sung and Brian Strope and Ray Kurzweil},
title = {Conversational Contextual Cues:
The Case of Personalization and History for Response Ranking},
year = 2016,
}

@article{encdec,
author = {Kyunghyun Cho and Bart van Merrienboer and Caglar Gulcehre and Dzmitry Bahdanau and Fethi Bougares and Holger Schwenk and Yoshua Bengio},
title = {Learning Phrase Representations using RNN Encoder–Decoder for Statistical Machine Translation},
note = {Proceedings of the 2014 Conference on Empirical Methods in Natural Language Processing (EMNLP)},
year = 2014,
}

@article{gatesvstanh,
author = {Junyoung Chung and Caglar Gulcehre and Kyunghyun Cho and Yoshua Bengio},
title = {Empirical Evaluation of Gated Recurrent Neural Networks on Sequence Modeling},
note = {Presented at the Deep Learning workshop at NIPS2014},
year = 2014,
}

@article{adadelta,
author = {Matthew D. Zeiler},
title = {ADADELTA: an Adaptive Learning Rate Method},
journal = {CoRR},
volume = {abs/1212.5701},
year = 2012,
}

@unknown{hownotto,
author = {Chia-Wei Liu and Ryan Lowe and Iulian Serban and Michael Noseworthy and Laurent Charlin and Joelle Pineau},
year = 2016,
note = {Conference: Annual Meeting of the Association for Computational Linguistics (ACL)},
title = {How NOT To Evaluate Your Dialogue System: An Empirical Study of Unsupervised Evaluation Metrics for Dialogue Response Generation}
}

@article{adagrad,
author = {John Duchi and Elad Hazan and Yoram Singer},
title = {Adaptive Subgradient Methods for Online Learning and Stochastic Optimization},
journal = {Journal of Machine Learning Research},
volume = {12},
year = 2011,
}

@article{momentumqian,
author = {Ning Qian},
title = {On the Momentum Term in Gradient Descent Learning Algorithms},
journal = {Neural Networks},
volume = {12},
year = 1999,
}

@article{rmsprop,
author = {Geoffrey Hinton and Nitish Srivastava and Kevin Swersky},
title = {Neural Networks for Machine Learning},
note = {Coursera class, Lecture 6e},
volume = {\url{http://www.cs.toronto.edu/~tijmen/csc321/slides/lecture_slides_lec6.pdf}},
year = 2013
}

@article{squaddata,
author = {Pranav Rajpurkar and Jian Zhang and Konstantin Lopyrev and Percy Liang},
title = {SQuAD: 100,000+ Questions for Machine Comprehension of Text},
note = {Proceedings of the 2016 Conference on Empirical Methods in Natural Language Processing},
year = 2016,
}

@article{highway,
title={Highway Networks},
author={Rupesh Kumar Srivastava and Klaus Greff and J{\"u}rgen Schmidhuber},
journal={CoRR},
year=2015,
volume={abs/1505.00387}
}

@article{imagenet,
author = {Alex Krizhevsky and Ilya Sutskever and Geoffrey E. Hinton},
title = {ImageNet Classification with Deep Convolutional Neural Networks},
note = {Proceedings of the 25th International Conference on Neural Information Processing Systems},
year = 2012,
}

@article{compression,
title={Full Resolution Image Compression with Recurrent Neural Networks},
author={George Toderici and Damien Vincent and Nick Johnston and Sung Jin Hwang and David Minnen and Joel Shor and Michele Covell},
journal={2017 IEEE Conference on Computer Vision and Pattern Recognition (CVPR)},
year=2017,
}

@article{turing,
author = {A. M. Turing},
title = {COMPUTING MACHINERY AND INTELLIGENCE},
journal = {Mind},
number = {236},
year = 1950,
}

@article{,
author = {},
title = {},
journal = {},
note = {},
year = ,
}

@article{,
author = {},
title = {},
journal = {},
note = {},
year = ,
}

@article{,
author = {},
title = {},
journal = {},
note = {},
year = ,
}
